@Article{JRNL:PhysRevE:2008:MD,
  author = 	 {Marc L. Mansfield and Jack F. Douglas},
  title = 	 {Improved path integration method for estimating the
                  intrinsic viscosity of arbitrarily shaped particles},
  journal = 	 {Physical Review E},
  year = 	 {2008},
  OPTkey = 	 {},
  volume =	 {78},
  number =	 {4},
  pages =	 {046712},
  numpages = 	 {11},
  month =	 {October},
  doi = 	 {10.1103/PhysRevE.78.046712},
  url = 	 {\url{http://links.aps.org/doi/10.1103/PhysRevE.78.046712}},
  publisher = 	 {American Physical Society},
  OPTnote = 	 {},
  OPTannote = 	 {}
}

@Article{JRNL:PhysRevE:2001:MDG,
  author = 	 {Marc L. Mansfield and Jack F. Douglas and Edward J. Garboczi},
  title = 	 {Intrinsic viscosity and the electrical
                  polarizability of arbitrarily shaped objects},
  journal = 	 {Physical Review E},
  year = 	 {2001},
  OPTkey = 	 {},
  volume =	 {64},
  number =	 {6},
  pages =	 {61401-1--61401-16},
  month =	 {December},
  doi = 	 {10.1103/PhysRevE.64.061401},
  url = 	 {\url{http://links.aps.org/doi/10.1103/PhysRevE.64.061401}},
  publisher = 	 {American Physical Society},
  OPTnote = 	 {},
  OPTannote = 	 {}
}

@Article{JRNL:PhysRevE:2010:MD,
  author = 	 {Marc L. Mansfield and Jack F. Douglas},
  title = 	 {Influence of variable hydrodynamic interaction
                  strength on the transport properties of coiled
                  polymers},
  journal = 	 {Physical Review E},
  year = 	 {2010},
  OPTkey = 	 {},
  volume =	 {81},
  number =	 {2},
  pages =	 {021803-1--021803-15},
  month =	 {February},
  doi = 	 {10.1103/PhysRevE.81.021803},
  url = 	 {http://link.aps.org/doi/10.1103/PhysRevE.81.021803},
  publisher = 	 {American Physical Society},
  OPTnote = 	 {},
  OPTannote = 	 {}
}

@Article{JRNL:PhysRevE:2004:KMD,
  author = 	 {Eun-Hee Kang and Marc L.  Mansfield and Jack F. Douglas},
  title = 	 {Numerical path integration technique for the
                  calculation of transport properties of proteins},
  journal = 	 {Physical Review E},
  year = 	 {2004},
  OPTkey = 	 {},
  volume =	 {69},
  number =	 {3},
  pages =	 {031918-1--031918-11},
  month =	 {March},
  doi = 	 {10.1103/PhysRevE.69.031918},
  url = 	 {\url{http://link.aps.org/doi/10.1103/PhysRevE.69.031918}},
  publisher = 	 {American Physical Society},
  OPTnote = 	 {},
  OPTannote = 	 {}
}

@Article{JRNL:CMP:2002:MD,
  author = 	 {Marc L. Mansfied and Jack F. Douglas},
  title = 	 {Numerical Path-Integration Calculation of Transport
                  Properties of Star Polymers and theta-DLA Aggregates},
  journal = 	 {Condensed Matter Physics},
  year = 	 {2002},
  OPTkey = 	 {},
  volume =	 {5},
  number =	 {2(30)},
  pages =	 {249--274},
  OPTmonth = 	 {},
  doi = 	 {10.5488/CMP.5.2.249},
  url = 	 {\url{http://www.icmp.lviv.ua/journal/zbirnyk.30/003/abstract.html}},
  OPTnote = 	 {},
  OPTannote = 	 {}
}

@Article{JRNL:Macromolecules:2008:MD-rods,
  author = 	 {Marc L. Mansfield and Jack F. Douglas},
  title = 	 {Transport Properties of Rodlike Particles},
  journal = 	 {Macromolecules},
  year = 	 {2008},
  OPTkey = 	 {},
  volume =	 {41},
  number =	 {14},
  pages =	 {5422--5432},
  OPTmonth = 	 {},
  doi = 	 {10.1021/ma702839w},
  url = 	 {http://pubs.acs.org/doi/abs/10.1021/ma702839w},
  eprint = 	 {http://pubs.acs.org/doi/pdf/10.1021/ma702839w},
  OPTnote = 	 {},
  OPTannote = 	 {}
}

@Article{JRNL:Macromolecules:2007:MDIK,
  author = 	 {Marc L. Mansfield and Jack F. Douglas and Saba Irfan
                  and Eun-Hee Kang},
  title = 	 {Comparison of Approximate Methods for Calculating
                  the Friction Coefficient and Intrinsic Viscosity of
                  Nanoparticles and Macromolecules},
  journal = 	 {Macromolecules},
  year = 	 {2007},
  OPTkey = 	 {},
  volume =	 {40},
  number =	 {7},
  pages =	 {2575--2589},
  OPTmonth = 	 {},
  doi = 	 {10.1021/ma061069f},
  url = 	 {\url{http://pubs.acs.org/doi/abs/10.1021/ma061069f}},
  eprint = 	 {\url{http://pubs.acs.org/doi/pdf/10.1021/ma061069f}},
  OPTnote = 	 {},
  OPTannote = 	 {}
}

@Article{JRNL:Macromolecules:2008:MD-chains,
  author = 	 {Marc L. Mansfield and Jack F. Douglas},
  title = 	 {Transport Properties of Wormlike Chains with
                  Applications to Double Helical DNA and Carbon
                  Nanotubes},
  journal = 	 {Macromolecules},
  year = 	 {2008},
  OPTkey = 	 {},
  volume =	 {41},
  number =	 {14},
  pages =	 {5412--5421},
  OPTmonth = 	 {},
  doi = 	 {10.1021/ma702837v},
  url = 	 {\url{http://pubs.acs.org/doi/abs/10.1021/ma702837v}},
  eprint = 	 {\url{http://pubs.acs.org/doi/pdf/10.1021/ma702837v}},
  OPTnote = 	 {},
  OPTannote = 	 {}
}

