@article{Mansfield2008,
author = {Mansfield, Marc and Douglas, Jack},
doi = {10.1103/PhysRevE.78.046712},
file = {:Users/dja3/Documents/PapersPresentations/Zeno/PathIntIntristicViscosity.pdf:pdf},
issn = {1539-3755},
journal = {Physical Review E},
number = {4},
pages = {046712},
title = {{Improved path integration method for estimating the intrinsic viscosity of arbitrarily shaped particles}},
url = {http://link.aps.org/doi/10.1103/PhysRevE.78.046712},
volume = {78},
year = {2008}
}
@article{Mansfield2001,
author = {Mansfield, Marc and Douglas, Jack and Garboczi, Edward},
doi = {10.1103/PhysRevE.64.061401},
file = {:Users/dja3/Documents/PapersPresentations/Zeno/VisosityPolarizabilityMansfieldDouglasGarboczi2001.pdf:pdf},
issn = {1063-651X},
journal = {Physical Review E},
keywords = {cuboid},
mendeley-tags = {cuboid},
number = {6},
pages = {061401},
title = {{Intrinsic viscosity and the electrical polarizability of arbitrarily shaped objects}},
url = {http://link.aps.org/doi/10.1103/PhysRevE.64.061401},
volume = {64},
year = {2001}
}
@article{Hubbard1993,
author = {Hubbard, Joseph and Douglas, Jack},
doi = {10.1103/PhysRevE.47.R2983},
file = {:Users/dja3/Documents/PapersPresentations/Zeno/HydrodynamicFrictionArbBrownParticles{\_}PRE1993.pdf:pdf},
issn = {1063-651X},
journal = {Physical Review E},
keywords = {cuboid},
mendeley-tags = {cuboid},
number = {5},
pages = {R2983--R2986},
title = {{Hydrodynamic friction of arbitrarily shaped Brownian particles}},
url = {http://link.aps.org/doi/10.1103/PhysRevE.47.R2983},
volume = {47},
year = {1993}
}
@article{Douglas1994,
author = {Douglas, Jack F and Zhou, Huan-Xiang and Hubbard, Joseph B},
file = {:Users/dja3/Documents/PapersPresentations/Zeno/HydrodynamicFrictionCapacitanceArbObjects.pdf:pdf},
journal = {Physical Review E},
number = {6},
pages = {5319--5331},
title = {Hydrodynamic friction and the capacitance of arbitrarily shaped objects},
volume = {49},
year = {1994}
}
@article{Douglas1995,
author = {Douglas, J F and Garboczi, E. J.},
doi = {10.1002/9780470141502.ch2},
file = {:Users/dja3/Documents/PapersPresentations/Zeno/AdvChemPhysDouglas1995b.pdf:pdf},
journal = {Advances in Chemical Physics},
isbn = {0471120022},
pages = {85--153},
title = {Intrinsic Viscosity and the Polarizability of Particles Having a Wide Range of Shapes},
url = {http://doi.wiley.com/10.1002/9780470141502.ch2},
volume = {91},
year = {1995}
}
@article{Theodorou1985,
  title={Shape of unperturbed linear polymers: polypropylene},
  author={Theodorou, Doros N and Suter, Ulrich W},
  journal={Macromolecules},
  volume={18},
  number={6},
  pages={1206--1214},
  year={1985},
  publisher={ACS Publications}
}
@article{Kang2004,
author = {Kang, Eun-Hee and Mansfield, Marc and Douglas, Jack},
doi = {10.1103/PhysRevE.69.031918},
file = {:Users/dja3/Documents/PapersPresentations/Zeno/PathIntTransportProteins.pdf:pdf},
issn = {1539-3755},
journal = {Physical Review E},
number = {3},
pages = {031918},
title = {{Numerical path integration technique for the calculation of transport properties of proteins}},
url = {http://link.aps.org/doi/10.1103/PhysRevE.69.031918},
volume = {69},
year = {2004}
}

@article{pdb,
author = {Berman, H.M. and Westbrook, J. and Feng, Z. and Gilliland, G. and Bhat, T. N. and Weissig, H. and Shindyalov, I. N. and Bourne, P.E.},
title={{The Protein Data Bank}},
journal={Nucleic Acids Research},
volume={28},
pages={235-242},
year={2000},
}

@misc{pdbonline,
title={{RCSB Protein Data Bank}},
howpublished={\url{www.rcsb.org}}
}
@article{Juba2016,
title = {{Acceleration and parallelization of ZENO/Walk-on-Spheres}},
journal = "Procedia Computer Science ",
volume = "80",
number = "",
pages = "269--278",
year = "2016",
note = "International Conference on Computational Science 2016, 6--8 June 2016, San Diego, California, USA ",
issn = "1877-0509",
doi = "http://dx.doi.org/10.1016/j.procs.2016.05.319",
url = "http://www.sciencedirect.com/science/article/pii/S1877050916306834",
author = "Derek Juba and Walid Keyrouz and Michael Mascagni and Mary Brady",
keywords = "Monte Carlo Methods",
keywords = "nanomaterial properties",
keywords = "Walk on Spheres",
keywords = "parallelization",
keywords = "k-D tree "
}