@article{doi:10.6028/jres.122.020,
author = {Juba, Derek and Audus, Debra J. and Mascagni, Michael and Douglas, Jack F. and Keyrouz, Walid},
title = {ZENO: Software for calculating hydrodynamic, electrical, and shape properties of polymer and particle suspensions},
journal = {Journal of Research of National Institute of Standards and Technology},
volume = {122},
number = {20},
year = {2017},
doi = {10.6028/jres.122.020},
URL = {https://doi.org/10.6028/jres.122.020}
}
